
% -- a --------------------------------------------------------------
@misc{Andrews2003:BPEL,
    title       ={Business process execution language for web services},
    author      ={Andrews, Tony and Curbera, Francisco and Dholakia, Hitesh and Goland, Yaron and Klein, Johannes and Leymann, Frank and Liu, Kevin and Roller, Dieter and Smith, Doug and Thatte, Satish and others},
    year={2003},
}

@inproceedings{Agha92:ActorTheory,
  author    = {Gul Agha and
               Ian A. Mason and
               Scott F. Smith and
               Carolyn L. Talcott},
  title     = {Towards a Theory of Actor Computation},
  booktitle = {International Conference on Concurrency Theory (CONCUR)},
  year      = {1992}
}

@inproceedings{Agha1993:ActorSpace,
 title          = {ActorSpace: an open distributed programming paradigm},
 author         = {Agha, Gul and Callsen, Christian J},
 booktitle      = {Principles and Practice of Parallel Programming (PPoPP) },
 year           = {1993},
 publisher      = {ACM}
}



% -- b --------------------------------------------------------------
@article{Balzarotti2007:LighTS,
 title          = {The LighTS tuple space framework and its customization for context-aware applications},
 author         = {Balzarotti, Davide and Costa, Paolo and Picco, Gian Pietro},
 journal        = {Web Intelligence and Agent Systems: An International Journal},
 volume         = {5},
 number         = {2},
 year           = {2007},
 publisher      = {IOS Press}
}


@article{Berry1992:Chemical,
 title          = {The Chemical Abstract Machine},
 author         = {Berry, G{\'e}rard and Boudol, G{\'e}rard},
 journal        = {Theoretical Computer Science},
 volume         = {96},
 number         = {1},
 year           = {1992},
}


@inproceedings{Bowers2007:Consumable,
 title          = {Consumable credentials in logic-based access-control systems},
 author         = {Bowers, Kevin D and Bauer, Lujo and Garg, Deepak and Pfenning, Frank     and Reiter, Michael K},
 booktitle      = {Annual Network and Distributed System Security Symposium},
 year           = {2007}
}


@article{Busi2003:SecSpaces,
 title          = {SecSpaces: a Data-driven Coordination Model for Environments Open to Untrusted Agents},
 author         = {Busi, Nadia and Gorrieri, Roberto and Lucchi, Roberto and Zavattaro, Gianluigi},
 journal        = {Electronic Notes in Theoretical Computer Science},
 volume         = {68},
 number         = {3},
 year           = {2003},
 publisher      = {Elsevier}
}


% -- c --------------------------------------------------------------
@techreport{Colombo2011:Compensating,
 title          = {A compensating transaction example in twelve notations},
 author         = {Colombo, Christian and Pace, Gordon J},
 year           = {2011},
 institution    = {Technical Report CS2011-01, Department of Computer Science, University of Malta}
}


@article{Ciancarini1993:Coordinating,
 title          = {Coordinating rule-based software processes with ESP},
 author         = {Ciancarini, Paolo},
 journal        = {ACM Transactions on Software Engineering and Methodology (TOSEM)},
 volume         = {2},
 number         = {3},
 year           = {1993},
 publisher      = {ACM}
}


@article{Ciancarini1994:LogicTupleSpaces,
 title          = {Distributed programming with logic tuple spaces},
 author         = {Ciancarini, Paolo},
 journal        = {New Generation Computing},
 volume         = {12},
 number         = {3},
 year           = {1994},
 publisher      = {Springer}
}

% -- d --------------------------------------------------------------
@inproceedings{Abadi1999:DCC,
    title       = {A core calculus of dependency},
    author      = {Abadi, Mart{\'\i}n and Banerjee, Anindya and Heintze, Nevin and  Riecke, Jon G},
    booktitle   = {Principles of Programming Languages (POPL)},
    year        = {1999},
}

@article{Abadi2007:AccessControl,
    title       = {Access control in a core calculus of dependency},
    author      = {Abadi, Mart{\'\i}n},
    journal     = {Electronic Notes in Theoretical Computer Science},
    volume      = {172},
    year        = {2007},
    publisher   = {Elsevier}
}


% -- d --------------------------------------------------------------
@techreport{Doorenbos1995:ProductionMatching,
    title       = {Production Matching for Large Learning Systems.},
    author      = {Doorenbos, Robert B},
    year        = {1995},
    institution = {Carnegie-Mellon University}
}

@techreport{Forgy1981:OPS5,
    title       = {{OPS5} user's manual},
    author      = {Forgy, Charles L},
    year        = {1981},
    institution = {Carnegie-Mellon University}
}

@incollection{Forgy1981:RETE,
    title       = {Rete: A fast algorithm for the many pattern/many object pattern match problem},
    author      = {Forgy, Charles L},
    booktitle   = {Readings in Artificial Intelligence and Databases},
    year        = {1989},
    publisher   = {Elsevier}
}


% -- f --------------------------------------------------------------
@inproceedings{Cedric1996:Reflexive,
    title       = {The reflexive CHAM and the join-calculus},
    author      = {Cedric Fournet and Georges Gonthier},
    booktitle   = {Principles of Programming Languages (POPL)},
    year        = {1996}
}


@book{Fahland2005:SemanticsBPEL,
 title          = {Complete abstract operational semantics for the web service business process execution language},
 author         = {Fahland, Dirk},
 year           = {2005},
 publisher      = {Humboldt-Universit{\"a}t zu Berlin}
}


% -- g --------------------------------------------------------------
@inproceedings{Garg2006:Constructive,
 title          = {Non-interference in constructive authorization logic},
 author         = {Garg, Deepak and Pfenning, Frank},
 booktitle      = {IEEE Computer Security Foundations Workshop},
 year           = {2006}
}

@article{Gelernter1985:Linda,
 title          = {{Generative Communication in Linda}},
 author         = {Gelernter, David},
 Journal        = {Transactions on Programming Languages and Systems},
 volume         = {7},
 number         = {1},
 year           = {1985},
 publisher      = {ACM}
}


% -- h --------------------------------------------------------------
@incollection{Hoare1978:CSP,
 title          = {Communicating sequential processes},
 author         = {Hoare, Charles Antony Richard},
 booktitle      = {The origin of concurrent programming},
 year           = {1978}
}


% -- j --------------------------------------------------------------
@inproceedings{Jia2008:Aura,
    title       = {Aura: A programming language for authorization and audit},
    author      = {Jia, Limin and Vaughan, Jeffrey A and Mazurak, Karl and Zhao, Jianzhou and Zarko, Luke and Schorr, Joseph and Zdancewic, Steve},
    booktitle   = {{ACM SIGPLAN Notices}},
    volume      = {43},
    number      = {9},
    year        = {2008}
}


% -- l --------------------------------------------------------------
@article{Lamport1982:Byzantine,
 title          = {The Byzantine generals problem},
 author         = {Lamport, Leslie and Shostak, Robert and Pease, Marshall},
 journal        = {ACM Transactions on Programming Languages and Systems (TOPLAS)},
 volume         = {4},
 number         = {3},
 year           = {1982},
 publisher      = {ACM}
}

@misc{Lee2018:EOSIO,
    title       = {{EOS.IO} Technical White Paper v2},
    author      = {Greg Lee and Josh Lavin and Daniel Larimer},
    year        = {2018}
}


@article{Lohmann2009:PetriBPEL,
    title       = {Comparing and evaluating Petri net semantics for BPEL},
    author      = {Lohmann, Niels and Verbeek, Eric and Ouyang, Chun and Stahl, Christian and van der Aalst, Wil MP},
    journal     = {International Journal of Business Process Integration and Management},
    volume      = {4},
    number      = {1},
    year        = {2009}
}


% -- m --------------------------------------------------------------
@inproceedings{Merrick2000:Scopes,
 title          = {Coordination with scopes},
 author         = {Merrick, Iain and Wood, Alan},
 booktitle      = {Symposium on Applied Computing},
 year           = {2000}
}

@inproceedings{Minsky1994:LawGovernedLinda,
 title          = {Law-governed {Linda} as a coordination model},
 author         = {Minsky, Naftaly H and Leichter, Jerrold},
 booktitle      = {European Conference on Object-Oriented Programming},
 year           = {1994}
}


@article{Minsky2001:SafeTupleSpace,
 title          = {Safe tuplespace-based coordination in multiagent systems},
 author         = {Minsky, Naftaly H and Minsky, Yaron M and Ungureanu, Victoria},
 journal        = {Applied Artificial Intelligence},
 volume         = {15},
 number         = {1},
 year           = {2001}
}


% -- o --------------------------------------------------------------
@inproceedings{Oriol2005:TaggedSets,
 title          = {Tagged sets: a secure and transparent coordination medium},
 author         = {Oriol, Manuel and Hicks, Michael},
 booktitle      = {International Conference on Coordination Languages and Models},
 year           = {2005}
}


@inproceedings{Ongaro2014:Consensus,
 title          = {In search of an understandable consensus algorithm},
 author         = {Ongaro, Diego and Ousterhout, John},
 booktitle      = {{USENIX} Annual Technical Conference},
 year           = {2014}
}


% -- p --------------------------------------------------------------
@misc{Proctor2008:Drools,
  title         = {Drools documentation},
  author        = {Proctor, Mark and Neale, Michael and Lin, Peter and Frandsen, Michael},
  journal       = {JBoss},
  volume        = {5},
  publisher     = {Citeseer}
}

@misc{Riley2017:CLIPS,
    title       = {{CLIPS} Basic Programming Guide, version 6.40 Beta},
    author      = {Gary Riley},
    year        = {2017}
    }


% -- s --------------------------------------------------------------
@inproceedings{El-Ansary2003:Broadcast,
 title          = {Efficient broadcast in structured {P2P} networks},
 author         = {El-Ansary, Sameh and Alima, Luc Onana and Brand, Per and Haridi, Seif},
 booktitle      = {International workshop on Peer-to-Peer systems},
 year           = {2003}
}


@inproceedings{Sulzmann2008:MultiHeaded,
 title          = {Actors with multi-headed message receive patterns},
 author         = {Sulzmann, Martin and Lam, Edmund SL and Van Weert, Peter},
 booktitle      = {International Conference on Coordination Languages and Models},
 pages          = {315--330},
 year           = {2008}
}


% -- u --------------------------------------------------------------
@article{Udzir2007:MultiCapabilities,
 title          = {Coordination with multicapabilities},
 author         = {Udzir, Nur Izura and Wood, Alan M and Jacob, Jeremy L},
 journal        = {Science of Computer Programming},
 volume         = {64},
 number         = {2},
 year           = {2007}
}


% -- w --------------------------------------------------------------
@misc{Wood2014:Ethereum,
  title         = {Ethereum: A secure decentralised generalised transaction ledger},
  author        = {Wood, Gavin},
  year          = {2014}
}


% -- y --------------------------------------------------------------
@inproceedings{Gilad2017:Algorand,
 title          = {Algorand: Scaling byzantine agreements for cryptocurrencies},
 author         = {Gilad, Yossi and Hemo, Rotem and Micali, Silvio and Vlachos, Georgios and Zeldovich, Nickolai},
 booktitle      = {Symposium on Operating Systems Principles},
 year           = {2017},
 organization   = {ACM}
}